<record><leader>00000cas a2200000Ia 4500</leader><controlfield tag="001">13322620</controlfield><controlfield tag="008">860321d19371979mouwr ne      0   a0eng d</controlfield><datafield ind1=" " ind2=" " tag="010"><subfield code="a">sn 93060413 </subfield></datafield><datafield ind1=" " ind2=" " tag="040"><subfield code="a">WIH</subfield><subfield code="b">eng</subfield><subfield code="c">WIH</subfield><subfield code="d">MQN</subfield><subfield code="d">OCL</subfield><subfield code="d">OCLCQ</subfield><subfield code="d">OCLCF</subfield><subfield code="d">OCLCO</subfield></datafield><datafield ind1=" " ind2=" " tag="043"><subfield code="a">n-us-mo</subfield></datafield><datafield ind1="0" ind2=" " tag="130"><subfield code="a">Union labor record (Springfield, Mo.)</subfield></datafield><datafield ind1="1" ind2="0" tag="245"><subfield code="a">Union labor record.</subfield></datafield><datafield ind1=" " ind2=" " tag="260"><subfield code="a">Springfield, Mo. :</subfield><subfield code="b">Claude Hawley,</subfield><subfield code="c">1937-1979.</subfield></datafield><datafield ind1=" " ind2=" " tag="300"><subfield code="a">v.</subfield></datafield><datafield ind1=" " ind2=" " tag="310"><subfield code="a">Weekly</subfield></datafield><datafield ind1="0" ind2=" " tag="362"><subfield code="a">Vol. 1, no. 1 (Oct. 20, 1937)-v. 42, no. 33 (Aug. 25, 1979).</subfield></datafield><datafield ind1=" " ind2=" " tag="500"><subfield code="a">Publisher varies: Arlie Watson &lt;Jan. 1961&gt;-Apr. 26, 1968; James L. Vandeventer, May 3, 1968-</subfield></datafield><datafield ind1=" " ind2=" " tag="530"><subfield code="a">Available on microfilm from the State Historical Society of Wisconsin and the State Historical Society of Missouri.</subfield></datafield><datafield ind1=" " ind2=" " tag="550"><subfield code="a">Official publication of: Springfield Central Labor Union, Oct. 20, 1937-Nov. 14, 1946; Springfield Central Labor Union and the Building &amp; Construction Trades Council of Springfield, Nov. 21, 1946-Nov. 8, 1956; Springfield Central Labor Council and the Building &amp; Construction Trades Council of Springfield, Nov. 15, 1956-&lt;Dec. 25&gt;, 1958; Springfield Labor Council and the Building and Construction Trades Council of Springfield, &lt;Jan. 1, 1959&gt;-Aug. 25, 1979.</subfield></datafield><datafield ind1=" " ind2="0" tag="650"><subfield code="a">Labor unions</subfield><subfield code="z">Missouri</subfield><subfield code="z">Springfield</subfield><subfield code="v">Newspapers.</subfield></datafield><datafield ind1=" " ind2="7" tag="655"><subfield code="a">Newspapers.</subfield><subfield code="2">fast</subfield><subfield code="0">(OCoLC)fst01423814</subfield></datafield><datafield ind1=" " ind2="7" tag="650"><subfield code="a">Labor unions.</subfield><subfield code="2">fast</subfield><subfield code="0">(OCoLC)fst00990260</subfield></datafield><datafield ind1=" " ind2="7" tag="651"><subfield code="a">Missouri</subfield><subfield code="z">Springfield.</subfield><subfield code="2">fast</subfield><subfield code="0">(OCoLC)fst01212826</subfield></datafield><datafield ind1="2" ind2=" " tag="710"><subfield code="a">Springfield Central Labor Union (Springfield, Mo.)</subfield></datafield><datafield ind1="2" ind2=" " tag="710"><subfield code="a">Springfield Labor Council.</subfield></datafield><datafield ind1="2" ind2=" " tag="710"><subfield code="a">Springfield Central Labor Council (Springfield, Mo.)</subfield></datafield><datafield ind1="2" ind2=" " tag="710"><subfield code="a">Building and Construction Trades Council of Springfield (Springfield, Mo.)</subfield></datafield><datafield ind1="0" ind2="0" tag="785"><subfield code="t">Springfield labor record</subfield><subfield code="w">(DLC)sn 93060411</subfield><subfield code="w">(OCoLC)13322683</subfield></datafield></record>